% ------------------------------------------------------------------------
% BIBLIOGRAFIA
% ------------------------------------------------------------------------

@online{xamarinandroid,
	TITLE =        {Xamarin.Android - strona główna (Microsoft Docs)},
	URL =    		 {https://docs.microsoft.com/en-us/xamarin/android/},
	URLDATE =		 {2022-01-19}
}


@online{xamarinandroid_getstarted,
	TITLE =        {Xamarin.Android - poradnik dla początkujących (Microsoft Docs)},
	URL =    		 {https://docs.microsoft.com/en-us/xamarin/android/get-started/},
	URLDATE =		 {2022-01-19}
}

@online{xamarinandroid_layouts,
	TITLE =        {Xamarin.Android - opis layout'ów (Microsoft Docs)},
	URL =    		 {https://docs.microsoft.com/en-us/xamarin/android/user-interface/layouts/},
	URLDATE =		 {2022-01-19}
}


